@Article{Richmond95,
    author = {A.~D. Richmond},
    title = {Ionospheric electrodynamics using magnetic apex coordinates},
    year = 1995,
    journal = "J. Geomag. Geoelectr.",
    volume = 47,
    pages = {191-212},
  doi = {10.5636/jgg.47.191}
}
